@book{knu1986,
    title = {The \TeX book},
    author = {Donald E. {Knuth}},
    publisher = {Addison-Wesley},
    year = 1986,
    ISBN = 9780201134476,
    lccn = 85030845,
    series = {Computers \& typesetting},
    url = {https://www.pearson.com/us/higher-education/program/Knuth-Computers-Typesetting-Volume-A-The-Te-Xbook/PGM61813.html},
    volume = {A},
}

@book{gra1994,
  title = {Concrete mathematics},
  subtitle = {A foundation for computer science},
  author = {Ronald L. {Graham} and Donald E. {Knuth} and Oren {Patashnik}},
  isbn = 9780201558029,
  lccn = 93040325,
  url = {https://www.pearson.com/us/higher-education/program/Graham-Concrete-Mathematics-A-Foundation-for-Computer-Science-2nd-Edition/PGM55614.html?tab=overview},
  year = 1994,
  publisher = {Addison-Wesley},
  edition = 2,
}

@article{knu1989,
    title = {Typesetting {C}oncrete {M}athematics},
    author = {Donald E. {Knuth}},
    journal = {TUGboat: The communications of the \TeX\ users group},
    volume = 10,
    number = 1,
    pages = {31--36},
    month = apr,
    year = 1989,
    url = {https://www.tug.org/TUGboat/Contents/contents10-1.html},
}

@book{lam1994,
  title = {\LaTeX},
  subtitle = {A document preparation system},
  author = {Leslie {Lamport}},
  url = {https://www.pearson.com/us/higher-education/program/Lamport-La-Te-X-A-Document-Preparation-System-2nd-Edition/PGM159713.html?tab=overview},
  year = 1994,
  publisher = {Addison-Wesley},
  edition = 2,
}

@book{mit2004,
  title = {The \LaTeX\ companion},
  author = {Frank {Mittelbach} and Michael {Goossens} and Johannes {Braams}
    and David {Carlisle} and Chris {Rowley}},
  isbn = 9780133387643,
  series = {Tools and techniques for computer typesetting},
  year = 2004,
  publisher = {Addison-Wesley},
  edition = 2,
  url = {https://www.pearson.com/us/higher-education/program/Mittelbach-La-Te-X-Companion-The-2nd-Edition/PGM73174.html},
}

@online{lam2017,
  title = {\LaTeX\ reference sheet for a thesis with \KOMAScript},
  author = {Marion {Lammarsch} and Elke {Schubert}},
  version = {1.2},
  year = 2017,
  url = {https://ctan.org/pkg/latex-refsheet},
  publisher = {Comprehensive \TeX\ Archive Network},
}

@online{kohm2022,
  title = {\KOMAScript},
  subtitle = {A bundle of versatile classes and packages},
  author = {Markus {Kohm}},
  version = {3.36},
  year = 2022,
  url = {http://www.komascript.de},
  publisher = {Comprehensive \TeX\ Archive Network},
}

@online{mar2021,
  title = {The kaobook class},
  author = {Federico {Marotta}},
  version = {0.97},
  year = 2021,
  url = {https://github.com/fmarotta/kaobook},
}

@online{rut2014,
  title = {List of pangrams},
  author = {Richard {Rutter}},
  year = 2014,
  month = oct,
  day = 30,
  url = {https://clagnut.com/blog/2380/},
}

@online{fre2021,
  title = {Getting started with \LaTeX},
  author = {Matthew {Frenkel}},
  year = 2021,
  month = dec,
  day = 6,
  publisher = {New York University},
  url = {https://guides.nyu.edu/LaTeX},
}

@online{lop2022,
  title = {babel},
  subtitle = {Multilingual support for \LaTeX\, Lua\LaTeX\, Xe\LaTeX\, and {P}lain \TeX},
  year = 2022,
  month = jun,
  day = 26,
  version = {3.77},
  url = {https://latex3.github.io/babel/},
  author = {Javier Bezos {LÃ³pez} and Johannes L. {Braams}},
}

@online{lic2012,
  title = {blindtext},
  subtitle = {Producing 'blind' text for testing},
  year = 2012,
  version = {2.0},
  url = {https://www.ctan.org/pkg/blindtext},
  author = {Knut {Lickert}},
}

@online{dis2022,
  title = {Home page},
  year = 2022,
  month = jun,
  day = 30,
  url = {https://distrowatch.com},
  author = {Distro{W}atch},
}

@online{oup2021,
  title = {Definition of colophon},
  year = 2021,
  url = {https://www.lexico.com/en/definition/colophon},
  author = {Oxford {U}niversity {P}ress},
  publisher = {Lexico.com},
}
